% Encoding: UTF-8
%% This BibTeX bibliography file was created using BibDesk.
%% http://bibdesk.sourceforge.net/

%% Created for Neil Taylor at 2019-02-19 17:23:34 +0000 


%% Saved with string encoding Unicode (UTF-8) 


@string{aij = {Artificial Intelligence}}

@Misc{NeuralNetwork,
  title     = {Introduction to Neural Networks},
  year      = {2019},
  note      = {Accessed: 11th April},
  comment   = {Gives an overview of what a neural network is and how it works.},
  timestamp = {2019-04-11},
  url       = {http://pages.cs.wisc.edu/~bolo/shipyard/neural/local.html},
}

@Misc{shuffle,
  title   = {Shuffling Algorithm},
  note    = {Accessed in March 2019},
  comment = {Algorithm used for the shuffling of the deck},
  url     = {www.geeksforgeeks.org/shuffle-a-given-array-using-fisher-yates-shuffle-algorithm/},
}

@Misc{MCTS1,
  title   = {MCTS Description},
  note    = {Accessed in March 2019},
  comment = {Webiste used for Monte Carlo Tree Search Algorithm and source for Figure 1.1.},
  url     = {mcts.ai/about/index.html},
}

@Misc{wizardOver,
  title   = {Wizard Card Game Desciptive Overview},
  note    = {Accessed in March 2019},
  comment = {Website that gives a  basic overview of what the game is and how to play.},
  url     = {https://boardgamegeek.com/boardgame/1465/wizard},
}

@Misc{WizardVideo,
  title   = {How to Play:Wizard Video},
  month   = jul,
  year    = {2014},
  comment = {A Video showing how Wizard is played},
  owner   = {TheDorkShop},
  url     = {www.youtube.com/watch?v=kgRoZ-Yd7tg},
}

@Misc{mctswithcode,
  title   = {MCTS with Example Code},
  month   = oct,
  year    = {2019},
  note    = {Accessed 16 April 2019},
  comment = {Give Example Code used to help build the Ai in the project and source of Figure 1.2.},
  url     = {https://www.baeldung.com/java-monte-carlo-tree-search},
}

@Misc{mctsSource,
  title = {MCTS Source},
  note  = {Accessed April 2019},
  url   = {https://www.geeksforgeeks.org/ml-monte-carlo-tree-search-mcts/},
}

@Comment{jabref-meta: databaseType:bibtex;}
